/Users/jdimas/Google Drive/library.bib